@article{pinheiro.bates96,
  title={Unconstrained parametrizations for variance-covariance matrices},
  author={Pinheiro, Jos{\'e} C and Bates, Douglas M},
  journal={Statistics and computing},
  volume={6},
  number={3},
  pages={289--296},
  year={1996},
  publisher={Springer}
}


@article{raikher.rusakov10,
  title={Theory of {Brownian} motion in a {Jeffreys} fluid},
  author={Raikher, Yu L and Rusakov, VV},
  journal={Journal of Experimental and Theoretical Physics},
  volume={111},
  number={5},
  pages={883--889},
  year={2010},
  publisher={Springer}
}


@article{lysy.etal16,
  title={Model comparison and assessment for single particle tracking in biological fluids},
  author={Lysy, Martin and Pillai, Natesh S and Hill, David B and Forest, M Gregory and Mellnik, John WR and Vasquez, Paula A and McKinley, Scott A},
  journal={Journal of the American Statistical Association},
  volume={111},
  number={516},
  pages={1413--1426},
  year={2016},
  publisher={Taylor \& Francis}
}

@article{dietrich.newsam97,
  title={Fast and exact simulation of stationary {Gaussian} processes through circulant embedding of the covariance matrix},
  author={Dietrich, Claude R and Newsam, Garry N},
  journal={SIAM Journal on Scientific Computing},
  volume={18},
  number={4},
  pages={1088--1107},
  year={1997},
  publisher={SIAM}
}

@article{hill.etal14,
  title={A biophysical basis for mucus solids concentration as a candidate biomarker for airways disease},
  author={Hill, David B and Vasquez, Paula A and Mellnik, John and McKinley, Scott A and Vose, Aaron and Mu, Frank and Henderson, Ashley G and Donaldson, Scott H and Alexis, Neil E and Boucher, Richard C and others},
  journal={PloS one},
  volume={9},
  number={2},
  pages={e87681},
  year={2014},
  publisher={Public Library of Science}
}

@article{ling.etal19,
  title={Measurement Error Correction in Particle Tracking Microrheology},
  author={Ling, Yun and Lysy, Martin and Seim, Ian and Newby, Jay M and Hill, David B and Cribb, Jeremy and Forest, M Gregory},
  journal={Preprint},
  url={https://arxiv.org/abs/1911.06451},
  year={2019}
}

@article{ling.lysy20,
  title={Superfast Inference of Stationary {Gaussian} Time Series},
  author={LIng, Yun and Lysy, Martin},
  journal={Preprint},
  url={https://github.com/mlysy/SuperGauss/blob/master/doc/SuperGauss_preprint.pdf},
  year={2020}
}

@article{savin.doyle05,
	title={Static and dynamic errors in particle tracking microrheology},
	author={Savin, Thierry and Doyle, Patrick S},
	journal={Biophysical journal},
	volume={88},
	number={1},
	pages={623--638},
	year={2005},
	publisher={Elsevier}
}
