@article{lysy.etal16,
  title={Model comparison and assessment for single particle tracking in biological fluids},
  author={Lysy, Martin and Pillai, Natesh S and Hill, David B and Forest, M Gregory and Mellnik, John WR and Vasquez, Paula A and McKinley, Scott A},
  journal={Journal of the American Statistical Association},
  volume={111},
  number={516},
  pages={1413--1426},
  year={2016},
  publisher={Taylor \& Francis}
}

@article{dietrich.newsam97,
  title={Fast and exact simulation of stationary {Gaussian} processes through circulant embedding of the covariance matrix},
  author={Dietrich, Claude R and Newsam, Garry N},
  journal={SIAM Journal on Scientific Computing},
  volume={18},
  number={4},
  pages={1088--1107},
  year={1997},
  publisher={SIAM}
}
